@article{mcmurdie2013phyloseq,
  title={phyloseq: an R package for reproducible interactive analysis and graphics of microbiome census data},
  author={McMurdie, Paul J and Holmes, Susan},
  journal={PloS one},
  volume={8},
  number={4},
  pages={e61217},
  year={2013},
  publisher={Public Library of Science San Francisco, USA}
}

@article{anderson2014permutational,
  title={Permutational multivariate analysis of variance (PERMANOVA)},
  author={Anderson, Marti J},
  journal={Wiley statsref: statistics reference online},
  pages={1--15},
  year={2014},
  publisher={Wiley Online Library}
}

@article{fernandes2014unifying,
  title={Unifying the analysis of high-throughput sequencing datasets: characterizing RNA-seq, 16S rRNA gene sequencing and selective growth experiments by compositional data analysis},
  author={Fernandes, Andrew D and Reid, Jennifer Ns and Macklaim, Jean M and McMurrough, Thomas A and Edgell, David R and Gloor, Gregory B},
  journal={Microbiome},
  volume={2},
  number={1},
  pages={1--13},
  year={2014},
  publisher={Springer}
}
